@INPROCEEDINGS{ExemplePapierConference2017,
  author = {Nom1, P. and Nom2, P. and Nom3, P.},
  title = {Titre },
  booktitle = {Actes de la conf...},
  year = {2017},
  pages = {1--10}
}

@ARTICLE{ExempleArticleJournal2017,
  author = {Nom1, P. and Nom2, P. and Nom3, P.},
  title = {Titre },
  journal = {Nom journal},
  year = {2017},
  volume = {1},
  pages = {1--10},
  number = {1},
  month = {jul}
}


@inproceedings{hervieu_fusion_2016,
	title = {Fusion of Hyperspectral and VHR Multispectral Image Classifications in Urban Areas},
	volume = {III-3},
	booktitle = {{ISPRS} {Annals} of {Photogrammetry}, {Remote} {Sensing} and {Spatial} {Information} {Sciences}},
	publisher = {Copernicus GmbH},
	author = {Hervieu, Alexandre and Bris, Arnaud Le and Mallet, Clément},
	year = {2016},
	pages = {457--464}
}

@inproceedings{ouerghemmi_two-step_2017,
	title = {A Two-Step Decision Fusion Strategy: Application to Hyperspectral and Multispectral Images for Urban Classification},
	volume = {XLII-1-W1},
	booktitle = {{ISPRS} - {International} {Archives} of the {Photogrammetry}, {Remote} {Sensing} and {Spatial} {Information} {Sciences}},
	publisher = {Copernicus GmbH},
	author = {Ouerghemmi, W. and Bris, A. Le and Chehata, N. and Mallet, C.},
	year = {2017},
	pages = {167--174}
}

@article{fauvel_decision_fusion,
    author = {Fauvel, Mathieu and Chanussot, Jocelyn and Benediktsson, Jon},
    year = {2006},
    pages = {2828 - 2838},
    title = {Decision Fusion for the Classification of Urban Remote Sensing Images},
    volume = {44},
    journal = {Geoscience and Remote Sensing, IEEE Transactions on}
}


@inproceedings{kurtz_histogram_2012,
	title = {A histogram semantic-based distance for multiresolution image classification},
	booktitle = {2012 19th {IEEE} {International} {Conference} on {Image} {Processing}},
	author = {Kurtz, C. and Passat, N. and Gançarski, P. and Puissant, A.},
	year = {2012},
}

@article{kurtz_extraction_2012,
	title = {Extraction of complex patterns from multiresolution remote sensing images: {A} hierarchical top-down methodology},
	volume = {45},
	number = {2},
	journal = {Pattern Recognition},
	author = {Kurtz, Camille and Passat, Nicolas and Gançarski, Pierre and Puissant, Anne},
	year = {2012},
	pages = {685--706},
}

@article{wemmert_multiresolution_2009,
	title = {Multiresolution {Remote} {Sensing} {Image} {Clustering}},
	volume = {6},
	number = {3},
	journal = {IEEE Geoscience and Remote Sensing Letters},
	author = {Wemmert, C. and Puissant, A. and Forestier, G. and Gancarski, P.},
	month = jul,
	year = {2009},
	pages = {533--537},
}


@article{li_urban_2016,
	title = {Urban land use extraction from {Very} {High} {Resolution} remote sensing imagery using a {Bayesian} network},
	volume = {122},
	journal = {ISPRS Journal of Photogrammetry and Remote Sensing},
	author = {Li, Mengmeng and Stein, Alfred and Bijker, Wietske and Zhan, Qingming},
	month = dec,
	year = {2016},
	pages = {192--205},
}


@article{inglada_operational_2017,
	title = {Operational {High} {Resolution} {Land} {Cover} {Map} {Production} at the {Country} {Scale} {Using} {Satellite} {Image} {Time} {Series}},
	volume = {9},
	number = {1},
	journal = {Remote Sensing},
	author = {Inglada, Jordi and Vincent, Arthur and Arias, Marcela and Tardy, Benjamin and Morin, David and Rodes, Isabel},
	month = jan,
	year = {2017},
	pages = {95}
}


@article{puissant_object-oriented_2014,
	title = {Object-oriented mapping of urban trees using {Random} {Forest} classifiers},
	volume = {26},
	journal = {International Journal of Applied Earth Observation and Geoinformation},
	author = {Puissant, Anne and Rougier, Simon and Stumpf, André},
	month = feb,
	year = {2014},
	pages = {235--245}
}


@inproceedings{postadjian_investigating_2017,
	title = {Investigating the Potential of Deep Neural Networks for Large-Scale Classification of Very High Resolution Satellite Images},
	volume = {IV-1-W1},
	urldate = {2017-08-17},
	publisher = {Copernicus GmbH},
	author = {Postadjian, T. and Bris, A. Le and Sahbi, H. and Mallet, C.},
	year = {2017},
	pages = {183--190}
}


@article{zadeh_fuzzy_1965,
	title = {Fuzzy sets},
	volume = {8},
	journal = {Information and Control},
	author = {Zadeh, L. A.},
	month = jun,
	year = {1965},
	pages = {338--353},
}

@article{dubois_possibility,
author = {Dubois, Didier and Prade, H},
year = {1997},
month = {07},
pages = {811-823},
title = {Possibility theory and data fusion in poorly informed environment},
volume = {2},
journal = {Control Engineering Practice}
}
@misc{noauthor_mathematical_nodate,
	title = {A {Mathematical} {Theory} of {Evidence}},
	url = {http://press.princeton.edu/titles/2439.html},
	abstract = {Both in science and in practical affairs we reason by combining facts only inconclusively supported by evidence. Building on an abstract understanding of this process of combination, this book constructs a new theory of epistemic probability. The theor . . .},
	urldate = {2017-08-24},
	journal = {Princeton University Press},
	file = {Snapshot:/home/cyrilwendl/Zotero/storage/KLVKCQ6J/2439.html:text/html}
}

@article{pal_measuring_1994,
	title = {Measuring fuzzy uncertainty},
	volume = {2},
	number = {2},
	journal = {IEEE Transactions on Fuzzy Systems},
	author = {Pal, N. R. and Bezdek, J. C.},
	month = may,
	year = {1994},
	pages = {107--118}
}

@article{schindler_overview_2012,
	title = {An {Overview} and {Comparison} of {Smooth} {Labeling} {Methods} for {Land}-{Cover} {Classification}},
	volume = {50},
	number = {11},
	journal = {IEEE Transactions on Geoscience and Remote Sensing},
	author = {Schindler, K.},
	month = nov,
	year = {2012},
	pages = {4534--4545}
}

@online{libsvm,
    title={LIBSVM - A Library for Support Vector Machines},
    author={Chih-Chung Chang and Chih-Jen Lin},
    url={https://www.csie.ntu.edu.tw/~cjlin/libsvm/},
    urldate={2017-08-17}
}

@online{opencv,
    title={OpenCV Library},
    url={http://opencv.org/},
    urldate={2017-08-17}
}

@online{bdtopo,
    title={BD TOPO},
    author={Institut National de l'Information Géographique et Forestière},
    shortauthor={IGN},
    url={http://professionnels.ign.fr/bdtopo},
    urldate={2017-08-17}
}

@misc{deMorsier,
  title = {Imagery of Territory},
  author = {De Morsier, Frank},
  institution = {EPFL},
  howpublished = {Course slides},
  year = {2016}
}

@inproceedings{guigues_scale-sets_2003,
	title = {Scale-sets image analysis},
	volume = {2},
	booktitle = {Proceedings 2003 {International} {Conference} on {Image} {Processing} ({Cat}. {No}.03CH37429)},
	author = {Guigues, L. and Men, H. Le},
	month = sep,
	year = {2003},
	pages = {II--45--8 vol.3}
}


@book{shafer-evidence,
	title = {A {Mathematical} {Theory} of {Evidence}},
	author = {Glenn Shafer},
	year={1976},
	publisher={Princeton University Press},
}